{
  "meta": {
    "url": "https://www.binance.com/fapi/v1/aggTrades?limit=80&symbol=BTCUSDT",
    "method": "GET",
    "pathname": "/fapi/v1/aggTrades",
    "query": {
      "limit": "80",
      "symbol": "BTCUSDT"
    },
    "postData": null,
    "timestamp": 1769148094881,
    "category": "unknown"
  },
  "response": [
    {
      "a": 3065653020,
      "p": "89543.90",
      "q": "0.003",
      "nq": "0.003",
      "f": 7129548816,
      "l": 7129548816,
      "T": 1769148088386,
      "m": true
    },
    {
      "a": 3065653021,
      "p": "89543.70",
      "q": "0.002",
      "nq": "0.002",
      "f": 7129548817,
      "l": 7129548817,
      "T": 1769148088386,
      "m": true
    },
    {
      "a": 3065653022,
      "p": "89543.60",
      "q": "0.002",
      "nq": "0.002",
      "f": 7129548818,
      "l": 7129548818,
      "T": 1769148088386,
      "m": true
    },
    {
      "a": 3065653023,
      "p": "89543.50",
      "q": "0.002",
      "nq": "0.002",
      "f": 7129548819,
      "l": 7129548819,
      "T": 1769148088386,
      "m": true
    },
    {
      "a": 3065653024,
      "p": "89543.40",
      "q": "0.002",
      "nq": "0.002",
      "f": 7129548820,
      "l": 7129548820,
      "T": 1769148088386,
      "m": true
    },
    {
      "a": 3065653025,
      "p": "89543.20",
      "q": "0.002",
      "nq": "0.002",
      "f": 7129548821,
      "l": 7129548821,
      "T": 1769148088386,
      "m": true
    },
    {
      "a": 3065653026,
      "p": "89543.10",
      "q": "0.002",
      "nq": "0.002",
      "f": 7129548822,
      "l": 7129548822,
      "T": 1769148088386,
      "m": true
    },
    {
      "a": 3065653027,
      "p": "89542.80",
      "q": "0.004",
      "nq": "0.004",
      "f": 7129548823,
      "l": 7129548824,
      "T": 1769148088386,
      "m": true
    },
    {
      "a": 3065653028,
      "p": "89542.70",
      "q": "0.004",
      "nq": "0.004",
      "f": 7129548825,
      "l": 7129548826,
      "T": 1769148088386,
      "m": true
    },
    {
      "a": 3065653029,
      "p": "89542.20",
      "q": "0.004",
      "nq": "0.004",
      "f": 7129548827,
      "l": 7129548828,
      "T": 1769148088386,
      "m": true
    },
    {
      "a": 3065653030,
      "p": "89542.10",
      "q": "0.002",
      "nq": "0.002",
      "f": 7129548829,
      "l": 7129548829,
      "T": 1769148088386,
      "m": true
    },
    {
      "a": 3065653031,
      "p": "89541.90",
      "q": "0.009",
      "nq": "0.009",
      "f": 7129548830,
      "l": 7129548833,
      "T": 1769148088386,
      "m": true
    },
    {
      "a": 3065653032,
      "p": "89541.90",
      "q": "0.005",
      "nq": "0.005",
      "f": 7129548834,
      "l": 7129548834,
      "T": 1769148088389,
      "m": false
    },
    {
      "a": 3065653033,
      "p": "89541.80",
      "q": "0.100",
      "nq": "0.100",
      "f": 7129548835,
      "l": 7129548835,
      "T": 1769148088415,
      "m": true
    },
    {
      "a": 3065653034,
      "p": "89541.90",
      "q": "0.002",
      "nq": "0.002",
      "f": 7129548836,
      "l": 7129548836,
      "T": 1769148088415,
      "m": false
    },
    {
      "a": 3065653035,
      "p": "89541.80",
      "q": "0.143",
      "nq": "0.143",
      "f": 7129548837,
      "l": 7129548847,
      "T": 1769148088435,
      "m": true
    },
    {
      "a": 3065653036,
      "p": "89541.80",
      "q": "0.017",
      "nq": "0.017",
      "f": 7129548848,
      "l": 7129548850,
      "T": 1769148089113,
      "m": false
    },
    {
      "a": 3065653037,
      "p": "89541.70",
      "q": "0.913",
      "nq": "0.913",
      "f": 7129548851,
      "l": 7129548865,
      "T": 1769148089393,
      "m": true
    },
    {
      "a": 3065653038,
      "p": "89541.20",
      "q": "0.002",
      "nq": "0.002",
      "f": 7129548866,
      "l": 7129548866,
      "T": 1769148089393,
      "m": true
    },
    {
      "a": 3065653039,
      "p": "89541.00",
      "q": "0.006",
      "nq": "0.006",
      "f": 7129548867,
      "l": 7129548869,
      "T": 1769148089393,
      "m": true
    },
    {
      "a": 3065653040,
      "p": "89540.70",
      "q": "0.004",
      "nq": "0.004",
      "f": 7129548870,
      "l": 7129548871,
      "T": 1769148089393,
      "m": true
    },
    {
      "a": 3065653041,
      "p": "89540.50",
      "q": "0.003",
      "nq": "0.003",
      "f": 7129548872,
      "l": 7129548872,
      "T": 1769148089393,
      "m": true
    },
    {
      "a": 3065653042,
      "p": "89540.20",
      "q": "0.002",
      "nq": "0.002",
      "f": 7129548873,
      "l": 7129548873,
      "T": 1769148089393,
      "m": true
    },
    {
      "a": 3065653043,
      "p": "89540.10",
      "q": "0.002",
      "nq": "0.002",
      "f": 7129548874,
      "l": 7129548874,
      "T": 1769148089393,
      "m": true
    },
    {
      "a": 3065653044,
      "p": "89540.00",
      "q": "0.002",
      "nq": "0.002",
      "f": 7129548875,
      "l": 7129548875,
      "T": 1769148089393,
      "m": true
    },
    {
      "a": 3065653045,
      "p": "89539.90",
      "q": "0.004",
      "nq": "0.004",
      "f": 7129548876,
      "l": 7129548877,
      "T": 1769148089396,
      "m": true
    },
    {
      "a": 3065653046,
      "p": "89539.90",
      "q": "0.004",
      "nq": "0.004",
      "f": 7129548878,
      "l": 7129548879,
      "T": 1769148089407,
      "m": false
    },
    {
      "a": 3065653047,
      "p": "89539.80",
      "q": "0.007",
      "nq": "0.007",
      "f": 7129548880,
      "l": 7129548880,
      "T": 1769148089566,
      "m": true
    },
    {
      "a": 3065653048,
      "p": "89539.80",
      "q": "0.083",
      "nq": "0.083",
      "f": 7129548881,
      "l": 7129548882,
      "T": 1769148089964,
      "m": true
    },
    {
      "a": 3065653049,
      "p": "89539.90",
      "q": "0.010",
      "nq": "0.010",
      "f": 7129548883,
      "l": 7129548884,
      "T": 1769148090161,
      "m": false
    },
    {
      "a": 3065653050,
      "p": "89539.80",
      "q": "0.006",
      "nq": "0.006",
      "f": 7129548885,
      "l": 7129548885,
      "T": 1769148090294,
      "m": true
    },
    {
      "a": 3065653051,
      "p": "89539.90",
      "q": "0.005",
      "nq": "0.005",
      "f": 7129548886,
      "l": 7129548886,
      "T": 1769148090434,
      "m": false
    },
    {
      "a": 3065653052,
      "p": "89539.90",
      "q": "0.007",
      "nq": "0.007",
      "f": 7129548887,
      "l": 7129548888,
      "T": 1769148091129,
      "m": false
    },
    {
      "a": 3065653053,
      "p": "89539.90",
      "q": "0.005",
      "nq": "0.005",
      "f": 7129548889,
      "l": 7129548889,
      "T": 1769148091239,
      "m": false
    },
    {
      "a": 3065653054,
      "p": "89539.90",
      "q": "0.005",
      "nq": "0.005",
      "f": 7129548890,
      "l": 7129548890,
      "T": 1769148091463,
      "m": false
    },
    {
      "a": 3065653055,
      "p": "89539.80",
      "q": "0.009",
      "nq": "0.009",
      "f": 7129548891,
      "l": 7129548892,
      "T": 1769148091608,
      "m": true
    },
    {
      "a": 3065653056,
      "p": "89539.80",
      "q": "0.325",
      "nq": "0.325",
      "f": 7129548893,
      "l": 7129548904,
      "T": 1769148091912,
      "m": true
    },
    {
      "a": 3065653057,
      "p": "89539.90",
      "q": "0.002",
      "nq": "0.002",
      "f": 7129548905,
      "l": 7129548905,
      "T": 1769148092057,
      "m": false
    },
    {
      "a": 3065653058,
      "p": "89539.90",
      "q": "0.010",
      "nq": "0.010",
      "f": 7129548906,
      "l": 7129548907,
      "T": 1769148092212,
      "m": false
    },
    {
      "a": 3065653059,
      "p": "89539.90",
      "q": "0.005",
      "nq": "0.005",
      "f": 7129548908,
      "l": 7129548908,
      "T": 1769148092481,
      "m": false
    },
    {
      "a": 3065653060,
      "p": "89539.80",
      "q": "0.006",
      "nq": "0.006",
      "f": 7129548909,
      "l": 7129548910,
      "T": 1769148092846,
      "m": true
    },
    {
      "a": 3065653061,
      "p": "89539.80",
      "q": "0.202",
      "nq": "0.202",
      "f": 7129548911,
      "l": 7129548921,
      "T": 1769148093205,
      "m": true
    },
    {
      "a": 3065653062,
      "p": "89539.90",
      "q": "0.112",
      "nq": "0.112",
      "f": 7129548922,
      "l": 7129548924,
      "T": 1769148093233,
      "m": false
    },
    {
      "a": 3065653063,
      "p": "89539.90",
      "q": "0.005",
      "nq": "0.005",
      "f": 7129548925,
      "l": 7129548925,
      "T": 1769148093505,
      "m": false
    },
    {
      "a": 3065653064,
      "p": "89539.80",
      "q": "0.001",
      "nq": "0.001",
      "f": 7129548926,
      "l": 7129548926,
      "T": 1769148093658,
      "m": true
    },
    {
      "a": 3065653065,
      "p": "89539.80",
      "q": "0.002",
      "nq": "0.002",
      "f": 7129548927,
      "l": 7129548927,
      "T": 1769148093999,
      "m": true
    },
    {
      "a": 3065653066,
      "p": "89539.80",
      "q": "0.006",
      "nq": "0.006",
      "f": 7129548928,
      "l": 7129548928,
      "T": 1769148094225,
      "m": true
    },
    {
      "a": 3065653067,
      "p": "89539.90",
      "q": "0.010",
      "nq": "0.010",
      "f": 7129548929,
      "l": 7129548930,
      "T": 1769148094255,
      "m": false
    },
    {
      "a": 3065653068,
      "p": "89539.90",
      "q": "0.005",
      "nq": "0.005",
      "f": 7129548931,
      "l": 7129548931,
      "T": 1769148094531,
      "m": false
    },
    {
      "a": 3065653069,
      "p": "89539.80",
      "q": "0.205",
      "nq": "0.205",
      "f": 7129548932,
      "l": 7129548943,
      "T": 1769148094654,
      "m": true
    },
    {
      "a": 3065653070,
      "p": "89539.70",
      "q": "0.727",
      "nq": "0.727",
      "f": 7129548944,
      "l": 7129548950,
      "T": 1769148094654,
      "m": true
    },
    {
      "a": 3065653071,
      "p": "89539.60",
      "q": "0.025",
      "nq": "0.025",
      "f": 7129548951,
      "l": 7129548953,
      "T": 1769148094654,
      "m": true
    },
    {
      "a": 3065653072,
      "p": "89539.50",
      "q": "0.270",
      "nq": "0.270",
      "f": 7129548954,
      "l": 7129548957,
      "T": 1769148094654,
      "m": true
    },
    {
      "a": 3065653073,
      "p": "89539.40",
      "q": "0.141",
      "nq": "0.141",
      "f": 7129548958,
      "l": 7129548960,
      "T": 1769148094654,
      "m": true
    },
    {
      "a": 3065653074,
      "p": "89539.30",
      "q": "0.002",
      "nq": "0.002",
      "f": 7129548961,
      "l": 7129548961,
      "T": 1769148094654,
      "m": true
    },
    {
      "a": 3065653075,
      "p": "89539.20",
      "q": "0.020",
      "nq": "0.020",
      "f": 7129548962,
      "l": 7129548965,
      "T": 1769148094654,
      "m": true
    },
    {
      "a": 3065653076,
      "p": "89539.10",
      "q": "0.042",
      "nq": "0.042",
      "f": 7129548966,
      "l": 7129548968,
      "T": 1769148094654,
      "m": true
    },
    {
      "a": 3065653077,
      "p": "89539.00",
      "q": "0.030",
      "nq": "0.030",
      "f": 7129548969,
      "l": 7129548970,
      "T": 1769148094654,
      "m": true
    },
    {
      "a": 3065653078,
      "p": "89538.90",
      "q": "0.002",
      "nq": "0.002",
      "f": 7129548971,
      "l": 7129548971,
      "T": 1769148094654,
      "m": true
    },
    {
      "a": 3065653079,
      "p": "89538.80",
      "q": "0.058",
      "nq": "0.058",
      "f": 7129548972,
      "l": 7129548972,
      "T": 1769148094654,
      "m": true
    },
    {
      "a": 3065653080,
      "p": "89538.70",
      "q": "0.002",
      "nq": "0.002",
      "f": 7129548973,
      "l": 7129548973,
      "T": 1769148094654,
      "m": true
    },
    {
      "a": 3065653081,
      "p": "89538.60",
      "q": "0.002",
      "nq": "0.002",
      "f": 7129548974,
      "l": 7129548974,
      "T": 1769148094655,
      "m": true
    },
    {
      "a": 3065653082,
      "p": "89538.50",
      "q": "0.248",
      "nq": "0.248",
      "f": 7129548975,
      "l": 7129548977,
      "T": 1769148094655,
      "m": true
    },
    {
      "a": 3065653083,
      "p": "89538.20",
      "q": "0.093",
      "nq": "0.093",
      "f": 7129548978,
      "l": 7129548981,
      "T": 1769148094655,
      "m": true
    },
    {
      "a": 3065653084,
      "p": "89538.10",
      "q": "0.006",
      "nq": "0.006",
      "f": 7129548982,
      "l": 7129548984,
      "T": 1769148094655,
      "m": true
    },
    {
      "a": 3065653085,
      "p": "89538.00",
      "q": "0.242",
      "nq": "0.242",
      "f": 7129548985,
      "l": 7129548987,
      "T": 1769148094655,
      "m": true
    },
    {
      "a": 3065653086,
      "p": "89537.90",
      "q": "0.184",
      "nq": "0.184",
      "f": 7129548988,
      "l": 7129548990,
      "T": 1769148094655,
      "m": true
    },
    {
      "a": 3065653087,
      "p": "89537.80",
      "q": "0.240",
      "nq": "0.240",
      "f": 7129548991,
      "l": 7129548994,
      "T": 1769148094655,
      "m": true
    },
    {
      "a": 3065653088,
      "p": "89537.70",
      "q": "0.002",
      "nq": "0.002",
      "f": 7129548995,
      "l": 7129548995,
      "T": 1769148094656,
      "m": true
    },
    {
      "a": 3065653089,
      "p": "89537.40",
      "q": "0.002",
      "nq": "0.002",
      "f": 7129548996,
      "l": 7129548996,
      "T": 1769148094656,
      "m": true
    },
    {
      "a": 3065653090,
      "p": "89537.30",
      "q": "0.006",
      "nq": "0.006",
      "f": 7129548997,
      "l": 7129548999,
      "T": 1769148094656,
      "m": true
    },
    {
      "a": 3065653091,
      "p": "89537.20",
      "q": "0.007",
      "nq": "0.007",
      "f": 7129549000,
      "l": 7129549002,
      "T": 1769148094656,
      "m": true
    },
    {
      "a": 3065653092,
      "p": "89537.10",
      "q": "0.004",
      "nq": "0.004",
      "f": 7129549003,
      "l": 7129549003,
      "T": 1769148094656,
      "m": true
    },
    {
      "a": 3065653093,
      "p": "89537.00",
      "q": "0.002",
      "nq": "0.002",
      "f": 7129549004,
      "l": 7129549004,
      "T": 1769148094656,
      "m": true
    },
    {
      "a": 3065653094,
      "p": "89536.90",
      "q": "0.238",
      "nq": "0.238",
      "f": 7129549005,
      "l": 7129549010,
      "T": 1769148094656,
      "m": true
    },
    {
      "a": 3065653095,
      "p": "89536.80",
      "q": "0.139",
      "nq": "0.139",
      "f": 7129549011,
      "l": 7129549012,
      "T": 1769148094658,
      "m": true
    },
    {
      "a": 3065653096,
      "p": "89536.70",
      "q": "0.004",
      "nq": "0.004",
      "f": 7129549013,
      "l": 7129549014,
      "T": 1769148094658,
      "m": true
    },
    {
      "a": 3065653097,
      "p": "89536.60",
      "q": "0.002",
      "nq": "0.002",
      "f": 7129549015,
      "l": 7129549015,
      "T": 1769148094658,
      "m": true
    },
    {
      "a": 3065653098,
      "p": "89536.50",
      "q": "0.010",
      "nq": "0.010",
      "f": 7129549016,
      "l": 7129549019,
      "T": 1769148094658,
      "m": true
    },
    {
      "a": 3065653099,
      "p": "89536.40",
      "q": "0.019",
      "nq": "0.019",
      "f": 7129549020,
      "l": 7129549025,
      "T": 1769148094658,
      "m": true
    }
  ]
}