{
  "meta": {
    "url": "https://www.binance.com/fapi/v1/aggTrades?limit=80&symbol=TRXUSDT",
    "method": "GET",
    "pathname": "/fapi/v1/aggTrades",
    "query": {
      "limit": "80",
      "symbol": "TRXUSDT"
    },
    "postData": null,
    "timestamp": 1769148111518,
    "category": "unknown"
  },
  "response": [
    {
      "a": 232870917,
      "p": "0.30954",
      "q": "6099",
      "nq": "6099",
      "f": 654016797,
      "l": 654016822,
      "T": 1769148076487,
      "m": false
    },
    {
      "a": 232870918,
      "p": "0.30955",
      "q": "1905",
      "nq": "1905",
      "f": 654016823,
      "l": 654016828,
      "T": 1769148076490,
      "m": false
    },
    {
      "a": 232870919,
      "p": "0.30956",
      "q": "2716",
      "nq": "2716",
      "f": 654016829,
      "l": 654016830,
      "T": 1769148076491,
      "m": false
    },
    {
      "a": 232870920,
      "p": "0.30957",
      "q": "14930",
      "nq": "14930",
      "f": 654016831,
      "l": 654016834,
      "T": 1769148076491,
      "m": false
    },
    {
      "a": 232870921,
      "p": "0.30958",
      "q": "9874",
      "nq": "9874",
      "f": 654016835,
      "l": 654016838,
      "T": 1769148076491,
      "m": false
    },
    {
      "a": 232870922,
      "p": "0.30959",
      "q": "1289",
      "nq": "1289",
      "f": 654016839,
      "l": 654016847,
      "T": 1769148076495,
      "m": false
    },
    {
      "a": 232870923,
      "p": "0.30960",
      "q": "56",
      "nq": "56",
      "f": 654016848,
      "l": 654016849,
      "T": 1769148076501,
      "m": false
    },
    {
      "a": 232870924,
      "p": "0.30961",
      "q": "54",
      "nq": "54",
      "f": 654016850,
      "l": 654016850,
      "T": 1769148076506,
      "m": false
    },
    {
      "a": 232870925,
      "p": "0.30961",
      "q": "6298",
      "nq": "6298",
      "f": 654016851,
      "l": 654016865,
      "T": 1769148076844,
      "m": false
    },
    {
      "a": 232870926,
      "p": "0.30961",
      "q": "78",
      "nq": "78",
      "f": 654016866,
      "l": 654016866,
      "T": 1769148076875,
      "m": true
    },
    {
      "a": 232870927,
      "p": "0.30962",
      "q": "6146",
      "nq": "6146",
      "f": 654016867,
      "l": 654016878,
      "T": 1769148077565,
      "m": false
    },
    {
      "a": 232870928,
      "p": "0.30963",
      "q": "78",
      "nq": "78",
      "f": 654016879,
      "l": 654016879,
      "T": 1769148077565,
      "m": false
    },
    {
      "a": 232870929,
      "p": "0.30964",
      "q": "110",
      "nq": "110",
      "f": 654016880,
      "l": 654016882,
      "T": 1769148077565,
      "m": false
    },
    {
      "a": 232870930,
      "p": "0.30965",
      "q": "4424",
      "nq": "4424",
      "f": 654016883,
      "l": 654016886,
      "T": 1769148077565,
      "m": false
    },
    {
      "a": 232870931,
      "p": "0.30965",
      "q": "33640",
      "nq": "33640",
      "f": 654016887,
      "l": 654016960,
      "T": 1769148078882,
      "m": false
    },
    {
      "a": 232870932,
      "p": "0.30966",
      "q": "5350",
      "nq": "5350",
      "f": 654016961,
      "l": 654016965,
      "T": 1769148078888,
      "m": false
    },
    {
      "a": 232870933,
      "p": "0.30967",
      "q": "2245",
      "nq": "2245",
      "f": 654016966,
      "l": 654016969,
      "T": 1769148078890,
      "m": false
    },
    {
      "a": 232870934,
      "p": "0.30968",
      "q": "21760",
      "nq": "21760",
      "f": 654016970,
      "l": 654016978,
      "T": 1769148078890,
      "m": false
    },
    {
      "a": 232870935,
      "p": "0.30969",
      "q": "3969",
      "nq": "3969",
      "f": 654016979,
      "l": 654016980,
      "T": 1769148078890,
      "m": false
    },
    {
      "a": 232870936,
      "p": "0.30970",
      "q": "180",
      "nq": "180",
      "f": 654016981,
      "l": 654016984,
      "T": 1769148078895,
      "m": false
    },
    {
      "a": 232870937,
      "p": "0.30970",
      "q": "6779",
      "nq": "6779",
      "f": 654016985,
      "l": 654016994,
      "T": 1769148079233,
      "m": false
    },
    {
      "a": 232870938,
      "p": "0.30971",
      "q": "101",
      "nq": "101",
      "f": 654016995,
      "l": 654016996,
      "T": 1769148079233,
      "m": false
    },
    {
      "a": 232870939,
      "p": "0.30971",
      "q": "195",
      "nq": "195",
      "f": 654016997,
      "l": 654016999,
      "T": 1769148080587,
      "m": false
    },
    {
      "a": 232870940,
      "p": "0.30970",
      "q": "118",
      "nq": "118",
      "f": 654017000,
      "l": 654017000,
      "T": 1769148082418,
      "m": true
    },
    {
      "a": 232870941,
      "p": "0.30970",
      "q": "206",
      "nq": "206",
      "f": 654017001,
      "l": 654017001,
      "T": 1769148082538,
      "m": true
    },
    {
      "a": 232870942,
      "p": "0.30971",
      "q": "17",
      "nq": "17",
      "f": 654017002,
      "l": 654017002,
      "T": 1769148082987,
      "m": false
    },
    {
      "a": 232870943,
      "p": "0.30971",
      "q": "84",
      "nq": "84",
      "f": 654017003,
      "l": 654017004,
      "T": 1769148083373,
      "m": false
    },
    {
      "a": 232870944,
      "p": "0.30970",
      "q": "329",
      "nq": "329",
      "f": 654017005,
      "l": 654017005,
      "T": 1769148084682,
      "m": true
    },
    {
      "a": 232870945,
      "p": "0.30971",
      "q": "41",
      "nq": "41",
      "f": 654017006,
      "l": 654017006,
      "T": 1769148086225,
      "m": false
    },
    {
      "a": 232870946,
      "p": "0.30970",
      "q": "193",
      "nq": "193",
      "f": 654017007,
      "l": 654017007,
      "T": 1769148086830,
      "m": true
    },
    {
      "a": 232870947,
      "p": "0.30970",
      "q": "1614",
      "nq": "1614",
      "f": 654017008,
      "l": 654017009,
      "T": 1769148087034,
      "m": true
    },
    {
      "a": 232870948,
      "p": "0.30970",
      "q": "49",
      "nq": "49",
      "f": 654017010,
      "l": 654017010,
      "T": 1769148088813,
      "m": true
    },
    {
      "a": 232870949,
      "p": "0.30970",
      "q": "184",
      "nq": "184",
      "f": 654017011,
      "l": 654017011,
      "T": 1769148088977,
      "m": true
    },
    {
      "a": 232870950,
      "p": "0.30971",
      "q": "95",
      "nq": "95",
      "f": 654017012,
      "l": 654017014,
      "T": 1769148089647,
      "m": false
    },
    {
      "a": 232870951,
      "p": "0.30971",
      "q": "20",
      "nq": "20",
      "f": 654017015,
      "l": 654017016,
      "T": 1769148090059,
      "m": false
    },
    {
      "a": 232870952,
      "p": "0.30971",
      "q": "13656",
      "nq": "13656",
      "f": 654017017,
      "l": 654017049,
      "T": 1769148090903,
      "m": false
    },
    {
      "a": 232870953,
      "p": "0.30970",
      "q": "309",
      "nq": "309",
      "f": 654017050,
      "l": 654017050,
      "T": 1769148091128,
      "m": true
    },
    {
      "a": 232870954,
      "p": "0.30970",
      "q": "92",
      "nq": "92",
      "f": 654017051,
      "l": 654017051,
      "T": 1769148091265,
      "m": true
    },
    {
      "a": 232870955,
      "p": "0.30971",
      "q": "10566",
      "nq": "10566",
      "f": 654017052,
      "l": 654017069,
      "T": 1769148091414,
      "m": false
    },
    {
      "a": 232870956,
      "p": "0.30971",
      "q": "4520",
      "nq": "4520",
      "f": 654017070,
      "l": 654017076,
      "T": 1769148091875,
      "m": false
    },
    {
      "a": 232870957,
      "p": "0.30972",
      "q": "8105",
      "nq": "8105",
      "f": 654017077,
      "l": 654017081,
      "T": 1769148091875,
      "m": false
    },
    {
      "a": 232870958,
      "p": "0.30971",
      "q": "17",
      "nq": "17",
      "f": 654017082,
      "l": 654017082,
      "T": 1769148091942,
      "m": true
    },
    {
      "a": 232870959,
      "p": "0.30972",
      "q": "14001",
      "nq": "14001",
      "f": 654017083,
      "l": 654017095,
      "T": 1769148092327,
      "m": false
    },
    {
      "a": 232870960,
      "p": "0.30971",
      "q": "318",
      "nq": "318",
      "f": 654017096,
      "l": 654017096,
      "T": 1769148093274,
      "m": true
    },
    {
      "a": 232870961,
      "p": "0.30972",
      "q": "9573",
      "nq": "9573",
      "f": 654017097,
      "l": 654017107,
      "T": 1769148093288,
      "m": false
    },
    {
      "a": 232870962,
      "p": "0.30973",
      "q": "663",
      "nq": "663",
      "f": 654017108,
      "l": 654017117,
      "T": 1769148093288,
      "m": false
    },
    {
      "a": 232870963,
      "p": "0.30974",
      "q": "344",
      "nq": "344",
      "f": 654017118,
      "l": 654017122,
      "T": 1769148093288,
      "m": false
    },
    {
      "a": 232870964,
      "p": "0.30975",
      "q": "236",
      "nq": "236",
      "f": 654017123,
      "l": 654017123,
      "T": 1769148093288,
      "m": false
    },
    {
      "a": 232870965,
      "p": "0.30974",
      "q": "2790",
      "nq": "2790",
      "f": 654017124,
      "l": 654017124,
      "T": 1769148093569,
      "m": true
    },
    {
      "a": 232870966,
      "p": "0.30975",
      "q": "10519",
      "nq": "10519",
      "f": 654017125,
      "l": 654017158,
      "T": 1769148093773,
      "m": false
    },
    {
      "a": 232870967,
      "p": "0.30976",
      "q": "375",
      "nq": "375",
      "f": 654017159,
      "l": 654017164,
      "T": 1769148094467,
      "m": false
    },
    {
      "a": 232870968,
      "p": "0.30975",
      "q": "517",
      "nq": "517",
      "f": 654017165,
      "l": 654017165,
      "T": 1769148094471,
      "m": true
    },
    {
      "a": 232870969,
      "p": "0.30976",
      "q": "9515",
      "nq": "9515",
      "f": 654017166,
      "l": 654017193,
      "T": 1769148094569,
      "m": false
    },
    {
      "a": 232870970,
      "p": "0.30976",
      "q": "10204",
      "nq": "10204",
      "f": 654017194,
      "l": 654017220,
      "T": 1769148095143,
      "m": false
    },
    {
      "a": 232870971,
      "p": "0.30975",
      "q": "264",
      "nq": "264",
      "f": 654017221,
      "l": 654017221,
      "T": 1769148095421,
      "m": true
    },
    {
      "a": 232870972,
      "p": "0.30976",
      "q": "9364",
      "nq": "9364",
      "f": 654017222,
      "l": 654017250,
      "T": 1769148095469,
      "m": false
    },
    {
      "a": 232870973,
      "p": "0.30976",
      "q": "718",
      "nq": "718",
      "f": 654017251,
      "l": 654017252,
      "T": 1769148096974,
      "m": false
    },
    {
      "a": 232870974,
      "p": "0.30975",
      "q": "322",
      "nq": "322",
      "f": 654017253,
      "l": 654017253,
      "T": 1769148097566,
      "m": true
    },
    {
      "a": 232870975,
      "p": "0.30975",
      "q": "81",
      "nq": "81",
      "f": 654017254,
      "l": 654017254,
      "T": 1769148097922,
      "m": true
    },
    {
      "a": 232870976,
      "p": "0.30975",
      "q": "319",
      "nq": "319",
      "f": 654017255,
      "l": 654017255,
      "T": 1769148099705,
      "m": true
    },
    {
      "a": 232870977,
      "p": "0.30976",
      "q": "12266",
      "nq": "12266",
      "f": 654017256,
      "l": 654017293,
      "T": 1769148099924,
      "m": false
    },
    {
      "a": 232870978,
      "p": "0.30977",
      "q": "7729",
      "nq": "7729",
      "f": 654017294,
      "l": 654017308,
      "T": 1769148099980,
      "m": false
    },
    {
      "a": 232870979,
      "p": "0.30978",
      "q": "19",
      "nq": "19",
      "f": 654017310,
      "l": 654017311,
      "T": 1769148100162,
      "m": false
    },
    {
      "a": 232870980,
      "p": "0.30978",
      "q": "170",
      "nq": "170",
      "f": 654017312,
      "l": 654017315,
      "T": 1769148101189,
      "m": false
    },
    {
      "a": 232870981,
      "p": "0.30977",
      "q": "130",
      "nq": "130",
      "f": 654017316,
      "l": 654017316,
      "T": 1769148101343,
      "m": true
    },
    {
      "a": 232870982,
      "p": "0.30978",
      "q": "170",
      "nq": "170",
      "f": 654017317,
      "l": 654017318,
      "T": 1769148101346,
      "m": false
    },
    {
      "a": 232870983,
      "p": "0.30977",
      "q": "296",
      "nq": "296",
      "f": 654017319,
      "l": 654017319,
      "T": 1769148101858,
      "m": true
    },
    {
      "a": 232870984,
      "p": "0.30978",
      "q": "150",
      "nq": "150",
      "f": 654017320,
      "l": 654017320,
      "T": 1769148101874,
      "m": false
    },
    {
      "a": 232870985,
      "p": "0.30978",
      "q": "22",
      "nq": "22",
      "f": 654017321,
      "l": 654017321,
      "T": 1769148103354,
      "m": false
    },
    {
      "a": 232870986,
      "p": "0.30977",
      "q": "288",
      "nq": "288",
      "f": 654017322,
      "l": 654017322,
      "T": 1769148104001,
      "m": true
    },
    {
      "a": 232870987,
      "p": "0.30977",
      "q": "28",
      "nq": "28",
      "f": 654017323,
      "l": 654017323,
      "T": 1769148104133,
      "m": true
    },
    {
      "a": 232870988,
      "p": "0.30978",
      "q": "159",
      "nq": "159",
      "f": 654017324,
      "l": 654017324,
      "T": 1769148106112,
      "m": false
    },
    {
      "a": 232870989,
      "p": "0.30977",
      "q": "192",
      "nq": "192",
      "f": 654017325,
      "l": 654017327,
      "T": 1769148106148,
      "m": true
    },
    {
      "a": 232870990,
      "p": "0.30978",
      "q": "11176",
      "nq": "11176",
      "f": 654017328,
      "l": 654017356,
      "T": 1769148107599,
      "m": false
    },
    {
      "a": 232870991,
      "p": "0.30977",
      "q": "322",
      "nq": "322",
      "f": 654017357,
      "l": 654017359,
      "T": 1769148108248,
      "m": true
    },
    {
      "a": 232870992,
      "p": "0.30977",
      "q": "28",
      "nq": "28",
      "f": 654017360,
      "l": 654017361,
      "T": 1769148108651,
      "m": true
    },
    {
      "a": 232870993,
      "p": "0.30978",
      "q": "35",
      "nq": "35",
      "f": 654017362,
      "l": 654017362,
      "T": 1769148109086,
      "m": false
    },
    {
      "a": 232870994,
      "p": "0.30977",
      "q": "28",
      "nq": "28",
      "f": 654017363,
      "l": 654017363,
      "T": 1769148110151,
      "m": true
    },
    {
      "a": 232870995,
      "p": "0.30977",
      "q": "194",
      "nq": "194",
      "f": 654017364,
      "l": 654017364,
      "T": 1769148110431,
      "m": true
    },
    {
      "a": 232870996,
      "p": "0.30977",
      "q": "161",
      "nq": "161",
      "f": 654017365,
      "l": 654017365,
      "T": 1769148110935,
      "m": true
    }
  ]
}